%! Author = Arash Yadegari
%! Date = 9/26/2022

